@article{Fukuda2001,
  doi = {10.1137/s1052623400366218},
  url = {https://doi.org/10.1137/s1052623400366218},
  year = {2001},
  publisher = {Society for Industrial {\&} Applied Mathematics ({SIAM})},
  volume = {11},
  number = {3},
  pages = {647--674},
  author = {Mituhiro Fukuda and Masakazu Kojima and Kazuo Murota and Kazuhide Nakata},
  title = {Exploiting Sparsity in Semidefinite Programming via Matrix Completion I: General Framework},
  journal = {{SIAM} Journal on Optimization}
}

@article{Nakata2003,
  doi = {10.1007/s10107-002-0351-9},
  url = {https://doi.org/10.1007/s10107-002-0351-9},
  year = {2003},
  publisher = {Springer Science and Business Media {LLC}},
  volume = {95},
  number = {2},
  pages = {303--327},
  author = {Kazuhide Nakata and Katsuki Fujisawa and Mituhiro Fukuda and Masakazu Kojima and Kazuo Murota},
  title = {Exploiting sparsity in semidefinite programming via matrix completion {II}: implementation and numerical results},
  journal = {Mathematical Programming}
}